<?xml version="1.0" encoding="UTF-8"?>
<collection xmlns:xsi="http://www.w3.org/2001/XMLSchema-instance" xsi:schemaLocation="http://www.loc.gov/MARC21/slim http://www.loc.gov/standards/marcxml/schema/MARC21slim.xsd" xmlns="http://www.loc.gov/MARC21/slim">
<record>
  <leader>00746cam a22002171  4500</leader>
  <controlfield tag="001">3171577</controlfield>
  <controlfield tag="003">NNC</controlfield>
  <controlfield tag="005">20130426144833.0</controlfield>
  <controlfield tag="008">020121s1931    ua            000 0 ara d</controlfield>
  <datafield tag="035" ind1=" " ind2=" ">
    <subfield code="a">(OCoLC)ocm48822424</subfield>
  </datafield>
  <datafield tag="035" ind1=" " ind2=" ">
    <subfield code="9">AUB2997CU</subfield>
  </datafield>
  <datafield tag="035" ind1=" " ind2=" ">
    <subfield code="a">(NNC)3171577</subfield>
  </datafield>
  <datafield tag="040" ind1=" " ind2=" ">
    <subfield code="a">ZCU</subfield>
    <subfield code="c">ZCU</subfield>
  </datafield>
  <datafield tag="099" ind1=" " ind2=" ">
    <subfield code="a">893.7Ab911</subfield>
    <subfield code="a">DA4</subfield>
  </datafield>
  <datafield tag="100" ind1="1" ind2=" ">
    <subfield code="a">ʻAfīfī, al-Sayyid.</subfield>
  </datafield>
  <datafield tag="245" ind1="1" ind2="0">
    <subfield code="a">Ḥayāt al-imām Abī Ḥanīfah, biqalam ...</subfield>
    <subfield code="c">al-ustādh al-Sayyid ʻAfīfī (muḥarrir Majallat al-Muḥāmāt al-sharʻīyah)</subfield>
  </datafield>
  <datafield tag="260" ind1=" " ind2=" ">
    <subfield code="a">al-Qāhirah,</subfield>
    <subfield code="b">al-Maṭbaʻah al-Salafīyah wa-Maktabatuhā,</subfield>
    <subfield code="c">1350 [1931]</subfield>
  </datafield>
  <datafield tag="300" ind1=" " ind2=" ">
    <subfield code="a">236 p.</subfield>
  </datafield>
  <datafield tag="500" ind1=" " ind2=" ">
    <subfield code="a">Preface signed: Muḥibb-al-Dīn al-Khaṭīb.</subfield>
  </datafield>
  <datafield tag="600" ind1="0" ind2="0">
    <subfield code="a">Abū Ḥanīfah,</subfield>
    <subfield code="d">-767 or 768.</subfield>
  </datafield>
  <datafield tag="955" ind1=" " ind2=" ">
    <subfield code="b">CU58955097</subfield>
    <subfield code="d">off,glx</subfield>
    <subfield code="e">893.7Ab911 DA4</subfield>
  </datafield>
</record>
</collection>